@ARTICLE{Ward95languageoriented,
    author = {M. P. Ward},
    title = {Language Oriented Programming},
    journal = {Software—Concepts and Tools},
    year = {1995},
    volume = {15},
    pages = {147--161}
}
@article{dmitriev2005language,
  title={Language oriented programming: The next programming paradigm},
  author={Dmitriev, S.},
  journal={JetBrains onBoard},
  volume={1},
  number={2},
  year={2005}
}
@Misc{sinatra,
	title ={Sinatra},
	url={http://www.sinatrarb.com}
}
@Misc{happstack,
	title  ={Happstack},
	url={http://happstack.com}
}
@Misc{compojure,
	title  ={Compojure},
	url={http://compojure.org}
}
@Misc{groovyrestlet,
	title  ={GroovyRestlet},
	url={http://docs.codehaus.org/display/GROOVY/GroovyRestlet}
}
@Misc{webforms,
	title={ASP.NET Web Forms},
	url={http://www.asp.net/web-forms}
}
@Misc{mvc,
	title={ASP.NET MVC},
	url={http://www.asp.net/mvc}
}
@Misc{monorail,
	title  ={Castle MonoRail},
	url={http://www.castleproject.org/MonoRail/}
}
@Misc{bistro,
	title={Bistro},
	url={http://bistroframework.org}
}
@Misc{bistroext,
	title={Bistro.FSharpExtensions},
	url={http://bistroframework.org/index.php?title=FSharp}
}
@Misc{websharper,
	title={IntelliFactory WebSharper},
	url={http://www.intellifactory.com/products/wsp/Home.aspx}
}
@Misc{fswebtools,
	title={F\# Web Tools},
	author={Tom\'a\v{s} Pet\v{r}\'{i}\v{c}ek},
	url={http://tomasp.net/projects/fswebtools.aspx}
}
@article{petricek-client,
  title={Client side scripting using meta-programming},
  author={Tom\'a\v{s} Pet\v{r}\'{i}\v{c}ek and Bedn{\'a}rek, R.N.D.D. and UK, MFF},
	url={http://tomasp.net/articles/webtools-thesis/fswebtools.pdf}
}
@Misc{sharplight,
	title={\#light},
	author={Sadek Drobi},
	url={http://sharplight.codeplex.com/}
}
