@ARTICLE{Ward95languageoriented,
    author = {Martin Ward},
    title = {Language Oriented Programming},
    journal = {Software-Concepts and Tools},
    year = {1995},
    volume = {15},
    pages = {147--161},
		note={Disponible en \url{http://www.cse.dmu.ac.uk/~mward/martin/papers/middle-out-t.pdf}}
}
@article{dmitriev2005language,
  title={Language oriented programming: The next programming paradigm},
  author={Dmitriev, Sergey},
  journal={JetBrains onBoard},
  volume={1},
  number={2},
  year={2005},
	note={Disponible en \url{http://www.onboard.jetbrains.com/is1/articles/04/10/lop/mps.pdf}}
}
@Misc{sinatra,
	title ={Sinatra},
	howpublished={\url{http://www.sinatrarb.com}}
}
@Misc{happstack,
	title  ={Happstack},
	howpublished={\url{http://happstack.com}}
}
@Misc{compojure,
	title  ={Compojure},
	howpublished={\url{http://compojure.org}}
}
@Misc{groovyrestlet,
	title  ={{GroovyRestlet}},
	howpublished={\url{http://docs.codehaus.org/display/GROOVY/GroovyRestlet}}
}
@Misc{webforms,
	title={{ASP.NET Web Forms}},
	howpublished={\url{http://www.asp.net/web-forms}}
}
@Misc{mvc,
	title={{ASP.NET MVC}},
	howpublished={\url{http://www.asp.net/mvc}}
}
@Misc{monorail,
	title  ={{Castle MonoRail}},
	howpublished={\url{http://www.castleproject.org/MonoRail/}}
}
@Misc{bistro,
	title={Bistro},
	howpublished={\url{http://bistroframework.org}}
}
@Misc{bistroext,
	title={{Bistro.FSharpExtensions}},
	howpublished={\url{http://bistroframework.org/index.php?title=FSharp}}
}
@Misc{websharper,
	title={{IntelliFactory WebSharper}},
	howpublished={\url{http://www.intellifactory.com/products/wsp/Home.aspx}}
}
@Misc{fswebtools,
	title={{F\# Web Tools}},
	author={Tom\'a\v{s} Pet\v{r}\'{i}\v{c}ek},
	howpublished={\url{http://tomasp.net/projects/fswebtools.aspx}}
}
@article{petricek-client,
  title={Client side scripting using meta-programming},
  author={Tom\'a\v{s} Pet\v{r}\'{i}\v{c}ek and Bedn{\'a}rek, R.N.D.D. and UK, MFF},
	note={\url{http://tomasp.net/articles/webtools-thesis/fswebtools.pdf}}
}
@article{petricek-lop,
	title={{F\# Overview (IV.) - Language Oriented Programming}},
	author={Tom\'a\v{s} Pet\v{r}\'{i}\v{c}ek},
	year={2007},
	note={\url{http://tomasp.net/blog/fsharp-iv-lang.aspx}}
}
@Misc{sharplight,
	title={\#light},
	author={Sadek Drobi},
	howpublished={\url{http://sharplight.codeplex.com/}}
}
@Misc{openrasta,
	title  ={{OpenRasta}},
	howpublished = {\url{http://trac.caffeine-it.com/openrasta}}
}
@Misc{fubumvc,
	title  ={{FubuMVC}},
	howpublished = {\url{http://fubumvc.com/}}
}
@article{van2000domain,
  title={{Domain-specific languages: An annotated bibliography}},
  author={Van Deursen, A. and Klint, P. and Visser, J.},
  journal={ACM Sigplan Notices},
  volume={35},
  number={6},
  pages={36},
  year={2000},
  publisher={ACM},
	note = {Disponible en \url{http://homepages.cwi.nl/~paulk/publications/Sigplan00.ps}}
}
@article{van1998little,
  title={{Little Languages: Little Maintenance?}},
  author={Van Deursen, A. and Klint, P.},
  journal={Journal of Software Maintenance: Research and Practice},
  volume={10},
  number={2},
  pages={75--92},
  year={1998},
  publisher={John Wiley \& Sons},
	note = {Disponible en \url{http://citeseerx.ist.psu.edu/viewdoc/download?doi=10.1.1.13.8061&rep=rep1&type=pdf}}
}
@Misc{wingbeats,
	title={{Wing Beats}},
	howpublished={\url{http://wingbeats.codeplex.com/}}
}
@Misc{mvcrender,
	title={{Views and UI rendering in MVC applications}},
	howpublished={\url{http://msdn.microsoft.com/en-us/library/dd410123.aspx}}
}
@Misc{spark,
	title={Spark view engine},
	howpublished={\url{http://sparkviewengine.com/}}
}
@Misc{brail,
	title={Brail view engine},
	howpublished={\url{http://www.castleproject.org/monorail/documentation/trunk/viewengines/brail/index.html}}
}
@book{syme2007expert,
  title={{Expert F\#}},
  author={Syme, D. and Granicz, A. and Cisternino, A.},
  year={2007},
  publisher={Springer}
}
@book{pickering2007foundations,
  title={{Foundations of F\#}},
  author={Pickering, R.},
  year={2007},
  publisher={Springer}
}
@article{smith-lop,
	title={{Language-oriented programming in F\#}},
	author={Chris Smith},
	year={2008},
	note ={\url{http://blogs.msdn.com/b/chrsmith/archive/2008/05/30/language-oriented-programming-in-f.aspx}}
}